<record><leader>00000cas a2200000 a 4500</leader><controlfield tag="001">12190221</controlfield><controlfield tag="008">850624d19011961ksuwr ne      0    0eng d</controlfield><datafield ind1=" " ind2=" " tag="010"><subfield code="a">sn 85030595 </subfield></datafield><datafield ind1=" " ind2=" " tag="040"><subfield code="a">KSH</subfield><subfield code="b">eng</subfield><subfield code="c">KSH</subfield><subfield code="d">NPT</subfield><subfield code="d">OCL</subfield><subfield code="d">OCLCQ</subfield></datafield><datafield ind1=" " ind2=" " tag="042"><subfield code="a">msc</subfield></datafield><datafield ind1="0" ind2=" " tag="130"><subfield code="a">St. Paul journal (St. Paul, Kan.)</subfield></datafield><datafield ind1="1" ind2="4" tag="245"><subfield code="a">The St. Paul journal.</subfield></datafield><datafield ind1="3" ind2="0" tag="246"><subfield code="a">Saint Paul journal</subfield></datafield><datafield ind1=" " ind2=" " tag="260"><subfield code="a">St. Paul, Kan. :</subfield><subfield code="b">W.W. Graves,</subfield><subfield code="c">1901-1961.</subfield></datafield><datafield ind1=" " ind2=" " tag="300"><subfield code="a">62 v. :</subfield><subfield code="b">ill. ;</subfield><subfield code="c">50 cm.</subfield></datafield><datafield ind1=" " ind2=" " tag="310"><subfield code="a">Weekly</subfield></datafield><datafield ind1="0" ind2=" " tag="362"><subfield code="a">Vol. 33, no. 35 (Apr. 4, 1901)-v. 94, no. 18 (Nov. 16, 1961).</subfield></datafield><datafield ind1=" " ind2=" " tag="500"><subfield code="a">Publisher varies.</subfield></datafield><datafield ind1=" " ind2=" " tag="752"><subfield code="a">United States</subfield><subfield code="b">Kansas</subfield><subfield code="c">Neosho</subfield><subfield code="d">St. Paul.</subfield></datafield><datafield ind1="0" ind2="0" tag="780"><subfield code="t">Neosho County journal (St. Paul, Kan.)</subfield><subfield code="w">(DLC)sn 85030594</subfield></datafield><datafield ind1="0" ind2="4" tag="785"><subfield code="t">Parsons news</subfield><subfield code="w">(DLC)sn 85031533</subfield></datafield></record>